@article{klebaner1984geometric,
  title={Geometric rate of growth in population-size-dependent branching processes},
  author={Klebaner, Fima Chaim},
  journal={Journal of Applied Probability},
  pages={40--49},
  year={1984},
  publisher={JSTOR}
}

@inproceedings{fujimagari1976controlled,
  title={Controlled Galton-Watson process and its asymptotic behavior},
  author={Fujimagari, Tetsuo},
  booktitle={Kodai Mathematical Seminar Reports},
  volume={27},
  number={1-2},
  pages={11--18},
  year={1976},
  organization={国立大学法人 東京工業大学大学院理工学研究科数学専攻}
}


@article{klebaner1984population,
  title={On population-size-dependent branching processes},
  author={Klebaner, Fima Chaim},
  journal={Advances in Applied Probability},
  pages={30--55},
  year={1984},
  publisher={JSTOR}
}

@book{athreya2012branching,
  title={Branching processes},
  author={Athreya, Krishna B and Ney, Peter E},
  volume={196},
  year={2012},
  publisher={Springer Science \& Business Media}
}

